@InCollection{espacios,
  author = 	 {Paula Assumpção CAMPOS and C. Tabajara VIANNA and L. Antônio da Costa SILVA and J. Leomar TODESCO and A. Pereira CÂNDIDO},
  title = 	 {Publicações de Dados Abertos, Dados Governamentais Abertos, e Governança Pública: um panorama sobre artigos indexados},
  booktitle = 	 {Espacios},
  pages = 	 {12--25},
  year = 	 {2017}
}

@InCollection{apud-espacios,
  author = 	 {C.F. Silva},
  title = 	 {Dados abertos: uma estratégia para o aumento da transparência e modernização da gestão pública},
  booktitle = 	 {TCU},
  year = 	 {2004}
}


@misc{kit-dados-abertos,
  author = {gov.br},
  title = {Vantagens da publicação de dados abertos},
  howpublished = {\url{https://kit.dados.gov.br/vantagens-dados-abertos/}}},
  urldate = {2022-10-20}
  note = {Online; acesso  em 20 de outubro de 2022}
}
